<collection xmlns="http://www.loc.gov/MARC21/slim">
<record>
  <leader>01504nam0a2200289 i 450 </leader>
  <controlfield tag="001">IT\ICCU\CNCE\001305</controlfield>
  <controlfield tag="005">20101027000000.0</controlfield>
  <datafield tag="012" ind1=" " ind2=" ">
    <subfield code="a">nsel lihy uao- cude (C) 1583 (R)</subfield>
    <subfield code="2">fei</subfield>
  </datafield>
  <datafield tag="100" ind1=" " ind2=" ">
    <subfield code="a">19970101d1583        0itac0103    ba</subfield>
  </datafield>
  <datafield tag="101" ind1=" " ind2=" ">
    <subfield code="a">LAT</subfield>
  </datafield>
  <datafield tag="102" ind1=" " ind2=" ">
    <subfield code="a">IT</subfield>
  </datafield>
  <datafield tag="200" ind1="1" ind2=" ">
    <subfield code="a">Ioannes ab Altomari Saluo Sclano philosopho ac medico. Quod ea, quae Donatus Antonius ab Altomari de artis medicae diuisione, indicationis descriptione, circuituum causis, anaxionis historia, &amp; de materia turgente conscripserit, verissima sunt omnia ...</subfield>
  </datafield>
  <datafield tag="210" ind1=" " ind2=" ">
    <subfield code="a">Neapoli</subfield>
    <subfield code="c">apud Io. Bapt. Cappellum</subfield>
    <subfield code="d">1583</subfield>
  </datafield>
  <datafield tag="215" ind1=" " ind2=" ">
    <subfield code="a">\16! c.</subfield>
    <subfield code="d">4ʻ</subfield>
  </datafield>
  <datafield tag="620" ind1=" " ind2=" ">
    <subfield code="a">IT</subfield>
    <subfield code="d">Napoli</subfield>
  </datafield>
  <datafield tag="700" ind1=" " ind2="1">
    <subfield code="a">Altomare,</subfield>
    <subfield code="b">Giovanni</subfield>
    <subfield code="3">IT\ICCU\CNCA\000146</subfield>
  </datafield>
  <datafield tag="702" ind1=" " ind2="1">
    <subfield code="a">Altomare,</subfield>
    <subfield code="b">Donato Antonio</subfield>
    <subfield code="3">IT\ICCU\CNCA\000147</subfield>
  </datafield>
  <datafield tag="712" ind1="0" ind2="0">
    <subfield code="a">Cappelli, Giovanni Battista</subfield>
    <subfield code="3">IT\ICCU\CNCT\000479</subfield>
    <subfield code="4">650</subfield>
  </datafield>
  <datafield tag="790" ind1=" " ind2="1">
    <subfield code="a">Altomari,</subfield>
    <subfield code="b">Donato Antonio : da</subfield>
    <subfield code="3">IT\ICCU\CNCA\021580</subfield>
    <subfield code="z">Altomare, Donato Antonio</subfield>
  </datafield>
  <datafield tag="791" ind1="0" ind2="0">
    <subfield code="a">Capello, Battista</subfield>
    <subfield code="3">IT\ICCU\CNCT\004438</subfield>
    <subfield code="z">Cappelli, Giovanni Battista</subfield>
  </datafield>
  <datafield tag="791" ind1="0" ind2="0">
    <subfield code="a">Cappelo, Battista</subfield>
    <subfield code="3">IT\ICCU\CNCT\004439</subfield>
    <subfield code="z">Cappelli, Giovanni Battista</subfield>
  </datafield>
  <datafield tag="791" ind1="0" ind2="0">
    <subfield code="a">Cappellus, Io. Baptista</subfield>
    <subfield code="3">IT\ICCU\CNCT\004450</subfield>
    <subfield code="z">Cappelli, Giovanni Battista</subfield>
  </datafield>
  <datafield tag="801" ind1=" " ind2="3">
    <subfield code="a">IT</subfield>
    <subfield code="b">ICCU</subfield>
    <subfield code="c">20201113</subfield>
  </datafield>
  <datafield tag="899" ind1=" " ind2=" ">
    <subfield code="a">Biblioteca nazionale Vittorio Emanuele III. Napoli</subfield>
    <subfield code="1">NA0079</subfield>
    <subfield code="2">NAP BN</subfield>
  </datafield>
  <datafield tag="899" ind1=" " ind2=" ">
    <subfield code="a">Biblioteca comunale Classense. Ravenna</subfield>
    <subfield code="1">RA0036</subfield>
    <subfield code="2">RAV CL</subfield>
  </datafield>
  <datafield tag="911" ind1=" " ind2=" ">
    <subfield code="a">nel front.</subfield>
    <subfield code="9">IT\ICCU\CNCM\000159</subfield>
  </datafield>
  <datafield tag="921" ind1=" " ind2=" ">
    <subfield code="a">IT\ICCU\CNCM\000159</subfield>
    <subfield code="b">Ancora con delfino.</subfield>
    <subfield code="c">Z53</subfield>
    <subfield code="d">Dimensioni: 3,5 x 5</subfield>
    <subfield code="f">ANCORA</subfield>
    <subfield code="f">DELFINO</subfield>
    <subfield code="g">1582-1594</subfield>
  </datafield>
</record>
</collection>
